<record xmlns="http://www.loc.gov/MARC21/slim">
   <leader>01835cam a2200457ou 4500</leader>
   <controlfield tag="001">6773926</controlfield>
   <controlfield tag="003">CaONFJC</controlfield>
   <controlfield tag="005">20141210095253.0</controlfield>
   <controlfield tag="006">m     o  d        </controlfield>
   <controlfield tag="007">cr cnu---unuuu</controlfield>
   <controlfield tag="008">141018s2015    enk     ob    001 0 eng d</controlfield>
   <datafield ind1=" " ind2=" " tag="020">
      <subfield code="a">9780123985163</subfield>
      <subfield code="q">electronic bk.</subfield>
   </datafield>
   <datafield ind1=" " ind2=" " tag="020">
      <subfield code="a">0123985161</subfield>
      <subfield code="q">electronic bk.</subfield>
   </datafield>
   <datafield ind1=" " ind2=" " tag="020">
      <subfield code="a">9781322201740 (MyiLibrary)</subfield>
   </datafield>
   <datafield ind1=" " ind2=" " tag="037">
      <subfield code="a">651454</subfield>
      <subfield code="b">MIL</subfield>
   </datafield>
   <datafield ind1=" " ind2=" " tag="039">
      <subfield code="a">exclude</subfield>
   </datafield>
   <datafield ind1=" " ind2=" " tag="040">
      <subfield code="a">CaONFJC</subfield>
      <subfield code="c">CaONFJC</subfield>
      <subfield code="d">AEU</subfield>
   </datafield>
   <datafield ind1=" " ind2="4" tag="050">
      <subfield code="a">TA174 .D384 2014</subfield>
   </datafield>
   <datafield ind1="0" ind2="4" tag="082">
      <subfield code="a">668.109235</subfield>
      <subfield code="2">23</subfield>
   </datafield>
   <datafield ind1=" " ind2=" " tag="090">
      <subfield code="a">Internet Access</subfield>
      <subfield code="b">AEGMCT</subfield>
   </datafield>
   <datafield ind1=" " ind2=" " tag="091">
      <subfield code="a">DO NOT ADD TO THIS RECORD - PSA PROJECT</subfield>
   </datafield>
   <datafield ind1="1" ind2=" " tag="100">
      <subfield code="a">Chang, Kuang-Hua.</subfield>
   </datafield>
   <datafield ind1="1" ind2="0" tag="245">
      <subfield code="a">Design Theory and Methods using CAD/CAE</subfield>
      <subfield code="h">[electronic resource].</subfield>
   </datafield>
   <datafield ind1=" " ind2=" " tag="260">
      <subfield code="a">London :</subfield>
      <subfield code="b">Academic Press,</subfield>
      <subfield code="c">2015.</subfield>
   </datafield>
   <datafield ind1=" " ind2=" " tag="300">
      <subfield code="a">1 online resource (517 p.)</subfield>
   </datafield>
   <datafield ind1=" " ind2=" " tag="336">
      <subfield code="a">text</subfield>
      <subfield code="b">txt</subfield>
      <subfield code="2">rdacontent</subfield>
   </datafield>
   <datafield ind1=" " ind2=" " tag="337">
      <subfield code="a">computer</subfield>
      <subfield code="b">c</subfield>
      <subfield code="2">rdamedia</subfield>
   </datafield>
   <datafield ind1=" " ind2=" " tag="338">
      <subfield code="a">online resource</subfield>
      <subfield code="b">cr</subfield>
      <subfield code="2">rdacarrier</subfield>
   </datafield>
   <datafield ind1="1" ind2=" " tag="490">
      <subfield code="a">The Computer Aided Engineering Design Series</subfield>
   </datafield>
   <datafield ind1=" " ind2=" " tag="500">
      <subfield code="a">Description based upon print version of record.</subfield>
   </datafield>
   <datafield ind1=" " ind2=" " tag="504">
      <subfield code="a">Includes bibliographical references and index.</subfield>
   </datafield>
   <datafield ind1=" " ind2=" " tag="506">
      <subfield code="a">Access restricted to authorized users and institutions.</subfield>
   </datafield>
   <datafield ind1=" " ind2=" " tag="596">
      <subfield code="a">57</subfield>
   </datafield>
   <datafield ind1=" " ind2="0" tag="650">
      <subfield code="a">Computer-aided design.</subfield>
   </datafield>
   <datafield ind1=" " ind2="0" tag="650">
      <subfield code="a">Engineering design.</subfield>
   </datafield>
   <datafield ind1=" " ind2="0" tag="650">
      <subfield code="a">Engineering.</subfield>
   </datafield>
   <datafield ind1="0" ind2="8" tag="776">
      <subfield code="i">Print version:</subfield>
      <subfield code="a">Chang, Kuang-Hua</subfield>
      <subfield code="t">Design Theory and Methods using CAD/CAE : The Computer Aided Engineering Design Series</subfield>
      <subfield code="d">Burlington : Elsevier Science,c2014</subfield>
      <subfield code="z">9780123985125</subfield>
   </datafield>
   <datafield ind1=" " ind2="0" tag="830">
      <subfield code="a">Computer aided engineering design series.</subfield>
   </datafield>
   <datafield ind1="4" ind2="0" tag="856">
      <subfield code="3">MacEwan University Access</subfield>
      <subfield code="u">http://lib.myilibrary.com/detail.asp?ID=651454</subfield>
      <subfield code="z">(Single User Access)</subfield>
   </datafield>
   <datafield ind1=" " ind2=" " tag="949">
      <subfield code="w">ORDER</subfield>
      <subfield code="h">UAIN</subfield>
      <subfield code="m">GR_MAC_INT</subfield>
      <subfield code="z">MILGMPSA</subfield>
   </datafield>
   <datafield ind1=" " ind2=" " tag="926">
      <subfield code="a">Internet Access</subfield>
      <subfield code="w">ORDER</subfield>
      <subfield code="c">1</subfield>
      <subfield code="i">6773926-1001</subfield>
      <subfield code="l">INTERNET</subfield>
      <subfield code="m">GR_MAC_INT</subfield>
      <subfield code="r">Y</subfield>
      <subfield code="s">Y</subfield>
      <subfield code="t">E-RESOURCE</subfield>
      <subfield code="u">1/12/2015</subfield>
      <subfield code="x">E-BOOK</subfield>
      <subfield code="z">MILGMPSA</subfield>
   </datafield>
</record>
